915 1321
154 95 163 112 Ι
435 100 529 113 paeonum

152 128 171 144 ot
183 125 285 145 illustrant.
296 125 397 143 cuiusmodi
410 125 516 149 praesertim
530 128 573 143 sunt
588 125 703 143 authenticae
719 123 819 142 dubiorum

152 156 271 175 resolutiones
284 162 330 180 quae
343 162 375 180 per
384 156 447 174 Sacras
456 156 543 174 Effiorurn
556 155 679 174 Cardinalium
689 154 820 179 Congregatio«

152 193 184 206 nes
197 187 235 206 lieri
248 187 312 206 solent.
327 188 372 205 Acta
383 187 443 211 itaque
456 186 523 205 selecta
534 187 588 205 huius
598 186 670 208 classis,
680 186 777 210 praecipue
789 191 820 204 re-

152 218 199 237 ferre
212 219 329 237 intendimus<

188 249 255 268 Crebro
274 256 328 274 porro
347 249 452 273 contingit,
471 252 492 267 ut
510 249 558 267 inter
577 248 679 267 huiusmodi
699 251 753 269 act-¹1,
774 247 817 265 talia

151 281 274 305 reperiantur,
288 287 334 305 quae
350 283 425 305 propter
441 286 493 298 suam
506 280 594 304 prolixam
608 279 702 298 materiem
716 279 785 302 integre
798 278 818 296 in

151 312 266 336 ephemeride
281 312 347 337 exponi
363 312 469 336 nequirent,
484 317 517 330 nec
533 311 602 329 utiliter
614 310 731 329 referrentur.
746 309 819 328 Accidit

150 343 200 361 enirn
212 349 277 368 saepe,
287 346 307 361 ut
316 343 398 367 quaestio
411 349 433 362 ex
446 349 486 362 sese
499 348 534 361 non
544 342 641 361 admodum
655 341 744 366 implexa,
755 347 777 359 ex
785 340 820 359 do—

150 374 240 392 cumentis
255 378 326 396 tamen,
340 380 386 398 quae
395 374 416 392 ad
426 374 494 392 suctum
504 377 640 392 controversum
656 372 817 391 demonstrandum

151 405 193 424 hinc
205 405 247 424 inde
260 405 387 427 deducuntur,
401 411 424 424 ex
441 405 520 429 copiosis
534 405 649 423 defensorum
665 403 817 428 allegationibus,

150 436 216 460 quibus
225 436 247 455 ad
256 437 344 455 trutinam
357 437 472 461 quaestiones
485 436 523 455 sive
536 436 581 454 iuris
591 436 629 454 sive
642 435 683 454 sacti
697 438 817 456 revocamur,

150 467 169 485 in
182 473 265 492 magnam
274 468 341 486 molem
350 471 462 486 concrescat.
472 467 498 485 Ad
509 467 553 485 haec
564 467 625 491 itaque
634 466 739 485 declinanda
750 466 819 484 incom-

151 498 213 521 moda,
227 498 245 516 in
259 498 358 517 referendis
371 498 425 517 huius
437 498 508 522 generis
521 498 577 519 actis,
588 498 634 516 hanc
647 497 753 516 methodum
766 498 817 521 sequi

150 529 261 548 censuimus.
279 529 344 551 initio,
360 530 471 554 quaestionis
488 529 569 550 factum,
583 529 664 553 diligenti
682 529 755 550 studio,
769 535 818 547 corn-

151 560 237 584 pendiose
251 566 378 584 exponemus;
394 561 419 579 ita
435 564 497 579 tamen
507 574 512 582 ,
530 564 550 579 ut
567 566 600 579 nec
616 560 694 579 claritati
704 573 709 581 ‚
723 560 818 584 multoque

150 592 210 609 minus
223 592 266 610 sacti
280 592 352 610 veritati
365 592 496 616 praeiudicium
511 591 602 610 afferatur.
616 591 671 609 Facto
683 591 709 609 ita
722 594 817 613 enat-rato,

149 622 277 646 compendiose
290 622 359 647 pariter
372 623 468 647 praecipua
481 622 588 641 adiicientur
600 622 725 641 defensionum
742 622 801 646 capita
812 635 817 643 ,

149 659 196 678 quae
209 654 297 678 disputari
311 654 418 678 contigerit,
428 654 466 673 sive
480 660 502 672 ex
516 653 589 678 Officio,
602 653 648 672 idest
661 660 693 678 per
707 654 818 678 respectivne

150 684 261 703 Secretariae
274 685 399 709 Praepositum
406 698 411 707 ,
420 685 499 704 aliumve
510 691 520 703 a
530 684 549 703 S.
557 685 642 703 tribunali
652 685 770 709 deputatum;
780 685 818 703 sive

151 721 183 739 per
194 715 327 734 Advocatorum
340 716 462 737 defensiones,
477 716 552 734 adiectis
561 716 583 734 ad
592 716 660 735 calcem
673 716 768 734 dubiorum
783 715 819 734 for-

150 746 216 768 mulis,
230 750 250 766 et
262 747 367 766 authentica
380 747 485 766 eorumdem
498 747 589 766 solutione
602 753 612 765 a
625 747 725 771 respectiva
739 747 757 765 S.
771 746 818 765 Con-

150 778 254 802 gregatione
267 778 310 797 lata-

187 808 231 827 Post
244 809 288 828 haec
300 809 371 831 omnia,
385 815 418 834 pro
431 815 450 828 re
464 812 516 831 nata,
531 809 578 827 haud
595 809 702 828 omittemus
718 809 818 834 legentium

150 840 221 859 animos
229 840 321 864 paulisper
329 840 386 859 veluti
395 840 485 862 excitare,
496 840 517 859 ad
526 840 612 859 nonnulla
626 840 730 865 singillatim
739 841 818 859 animad-

150 871 249 892 vertenda,
262 871 300 890 sive
318 871 428 893 theoretica,
442 877 488 895 quae
504 872 614 896 principium
630 871 703 896 aliquod
720 872 764 890 iuris
777 872 818 890 illu-

150 905 221 924 strent,
235 903 273 921 sive
288 902 367 926 practica
379 897 425 927 quae
438 903 539 927 regularem
555 903 662 927 procedendi
676 903 749 922 modum
763 903 780 921 in
794 903 819 921 si-

151 933 226 952 milibus
238 934 298 952 causis
311 934 415 958 respiciant.

189 964 273 989 insuper,
283 970 325 983 cum
338 971 374 984 non
388 971 428 984 raro
439 965 543 989 contingat,
554 968 574 983 ut
583 971 647 984 causae
661 965 720 990 ipsae,
730 966 817 990 quaedam

151 996 195 1014 iuris
204 996 270 1020 placita
279 996 392 1015 solummodo
401 996 479 1015 indicata
489 996 604 1018 contineant,
614 1000 702 1021 quantum
711 997 733 1015 ad
742 1003 816 1022 scopum

151 1027 169 1045 in
183 1032 237 1045 causa
250 1027 375 1051 attingendum
393 1027 481 1048 sufficiat,
495 1033 542 1051 quae
558 1027 652 1046 notissima
669 1028 767 1051 generatim
781 1034 816 1046 non

151 1061 204 1079 sunt,
213 1061 232 1076 et
241 1058 345 1082 ceteroquin
355 1058 402 1076 scitu
411 1058 473 1080 utilia,
482 1064 503 1077 ea
520 1058 597 1077 ulterius
610 1065 701 1083 exponere
714 1059 817 1078 curabimus

151 1090 170 1107 in
182 1088 329 1107 adnotationibus
341 1089 401 1108 causis
414 1089 458 1113 ipsis
471 1089 546 1108 adiectis
551 1095 558 1112 3
570 1089 618 1114 quod
627 1089 642 1108 si
652 1090 696 1108 haec
709 1090 763 1108 nimis
779 1096 817 1108 nm-

151 1119 200 1144 plam
208 1120 280 1144 exigere
290 1120 385 1139 videantur
397 1120 542 1145 explanationem
549 1133 553 1141 ‚
564 1126 626 1139 eorum
635 1121 725 1145 expositio
734 1121 752 1139 in
761 1121 817 1140 libelli

152 1150 198 1173 ΒΔιιε,
213 1151 234 1169 nd
248 1151 353 1176 appendicis
366 1152 423 1170 instar
436 1151 477 1173 flet,
492 1151 509 1169 in
522 1157 558 1176 qua
571 1151 626 1170 etiam
639 1151 700 1176 paullo
713 1152 776 1171 fusiori
788 1159 817 1172 ca-
