915 1321
164 88 198 106 100
335 93 445 108 tnnrnusts
457 95 478 107 n
491 95 651 109 [tutnnnnmats.

160 122 180 140 in
193 122 284 141 Dioecesis
301 122 388 141 finitimae
400 122 421 141 B.
435 123 502 147 oppido
518 123 608 147 positum,
621 123 652 142 ubi
665 123 766 147 antiquitus
778 123 832 141 triti-

158 156 213 169 ceum
223 150 345 169 Molendinum
355 151 452 172 extiterat,
462 150 543 169 dirutum
554 157 576 170 eo
587 154 669 175 tempore
676 157 697 169 ac
705 151 745 170 solo
753 151 830 176 penitus

160 181 263 202 aequatum,
275 177 372 196 Damianus
381 178 452 202 exlege
461 181 565 197 contractus
578 178 700 197 Molendinum
709 179 747 197 suis
759 184 830 202 expen-

158 206 185 224 sis
191 205 342 224 reaedificandum
347 211 418 225 sumere
425 206 527 227 tenebatur,
531 209 550 225 et
556 212 644 225 canonem
649 206 726 225 duorum
733 205 829 224 rublorum

160 233 216 252 tritici
229 233 248 251 in
260 233 345 252 horreum
358 239 431 252 mensae
443 233 555 258 Episcopalis
567 233 738 257 componendorum
750 236 831 257 quotan-

160 261 242 280 nisvcum
256 261 303 285 ipse,
317 264 356 279 tum
369 261 408 280 eius
420 261 560 283 descendentes,
574 261 675 285 persolvere
688 261 783 280 dehebant.

196 289 295 307 Damianus
308 289 366 313 reipsa
380 289 501 307 Molendinum
516 289 627 310 aedificavit,
641 289 747 307 necessariis
760 288 829 307 instru-

158 317 226 336 mentis
240 316 335 338 instruxit,
345 320 364 335 et
373 317 434 335 tritico
446 316 530 335 molendo
543 316 620 340 aperuit.
634 316 713 335 Canonis
724 322 768 335 vero
778 317 831 334 solu-

158 344 204 362 tioni
213 347 233 363 et
242 344 280 368 ipse
288 348 306 363 et
316 345 355 363 cius
367 344 497 363 descendentes
509 344 588 363 fideliter
599 344 733 363 satisfecerunt.
743 343 771 362 Ob
779 344 829 362 situs

158 372 276 396 exiguitatem
290 372 383 396 praedium
396 372 440 390 illud
453 373 501 391 inter
514 372 581 391 urbana
599 372 709 391 recensitum
722 375 761 393 est;
773 371 829 390 adeo-

158 405 194 423 que
204 402 242 417 tum
251 405 293 418 cum
303 399 389 423 vectigal,
399 400 447 423 quod
460 399 514 423 vulgo
526 399 591 418 Datim
603 399 651 418 reate
659 397 723 420 audit,
734 399 828 417 invectum

158 431 197 448 cst,
212 427 334 446 molendinum
348 433 387 446 eam
400 427 553 446 contributionem
566 427 635 451 effugit.
649 427 696 446 Cum
713 430 773 445 tamen
786 427 828 445 Mu-

159 454 247 478 nicipium
260 454 331 478 oppidi,
345 455 396 473 cuius
410 455 428 472 in
441 455 532 473 territorio
544 455 600 473 situm
613 458 663 476 erat,
677 460 725 473 anno
739 455 785 473 ¹852
794 460 829 472 no-

158 488 202 500 vum
215 482 304 506 quoddam
322 482 399 506 vectigal
416 482 542 506 imposuisset,
558 482 715 506 emphyteuticum
732 482 775 500 illud
788 482 829 500 Μο-

157 509 251 528 lendinum
264 516 299 528 una
312 515 353 528 cum
367 510 407 528 aliis
419 510 549 528 cnntributioni
562 510 664 528 subiectum
678 509 719 528 fuit.
733 509 827 528 Dircctum

157 537 197 556 cius
204 537 303 556 dominium
311 537 328 555 in
337 537 403 556 tabulis
411 538 526 556 censualibus
534 538 606 557 Mensae
615 537 720 562 episcopali,
728 537 772 556 utile
782 543 828 556 vei-o

159 565 241 583 Dnmiani
254 564 405 583 descendentibus
418 565 476 584 fuerat
490 565 604 589 inscriptum.
613 565 648 584 Sed
661 565 779 589 Municipium
792 571 828 589 pro

159 592 276 611 intributione
289 592 377 616 exigenda
388 592 467 611 Mensam
478 592 599 617 episcopalem
610 592 662 611 unice
672 592 783 616 pulsaveram
796 598 828 610 ea-

158 626 200 644 quc,
210 626 242 644 per
250 619 311 644 plures
320 626 376 638 annos
385 620 423 639 sinc
433 620 469 639 ulla
477 620 626 642 contradictione,
632 619 705 645 vectigal
711 620 826 644 rependerat.

159 647 239 666 Tandem
248 653 295 666 anno
306 648 349 666 isc-1
371 647 471 672 Episcopus
484 654 516 672 pro
531 651 621 672 tempore,
631 653 666 665 nun
677 647 770 666 dominum
779 647 828 666 dirc-

156 679 219 696 ctum,
234 675 264 694 scd
278 675 341 693 utilem
356 675 371 693 ei
384 676 434 694 oneri
449 676 555 700 perfer-endo
573 675 672 699 obligatum
687 681 727 694 esse
739 675 773 694 sibi
786 681 828 700 per-

156 703 248 723 suadens,
267 702 347 721 Damiani
367 703 497 722 descendentes
514 709 569 727 penes
588 703 666 722 ludicem
683 703 827 722 ecclesiasticum

158 731 246 749 finitimae
259 730 350 749 Dioecesis
359 730 379 748 Β.
390 730 468 754 (quippe
479 737 501 749 ex
514 731 535 749 iis
547 736 595 749 unus
608 731 655 749 inter
667 730 747 749 Clericus
759 736 828 749 connu-

157 758 273 783 merabatur)
287 758 305 776 in
324 758 351 776 ius
369 758 439 776 vocavit
451 764 473 777 ea
485 758 507 777 de
520 764 585 779 causa,
599 761 620 776 ut
635 758 657 777 de
674 758 757 782 vectigali
774 758 828 776 annis

157 792 216 810 usque
229 792 250 805 eo
270 785 337 809 elapsis
350 785 429 804 indebite
442 786 542 809 persoluto,
556 786 715 810 redintegraretur.

196 813 215 831 ln
229 813 307 831 iudiciali
320 813 393 834 libello,
406 813 437 837 qui
450 813 504 838 vulgo
520 814 581 832 citatio
597 813 699 835 vocitatur,
712 813 768 832 Actor
783 813 827 837 Epi-

156 847 224 865 scopus
232 841 287 859 etiarn
297 840 325 859 ius
333 840 366 859 sibi
377 844 499 859 reservaverat
508 840 588 865 -aqendi
600 841 619 859 in
632 846 707 865 congruo
717 840 782 859 iudicio
792 847 827 865 pre

159 869 241 888 nullitate
250 872 348 888 contractus
356 869 480 893 emphyteutici
488 869 508 887 ob
516 869 604 894 desectum
611 868 741 887 solemnitatum
749 868 827 893 aliosque

157 897 243 915 .tit¹tlos.-
251 896 289 915 Sub
297 896 347 914 hisce
355 896 500 914 solemnitatibus
513 896 646 921 beneplacitum
660 895 792 921 Apostolicum,
807 899 826 914 et

156 924 268 948 scripturam
285 922 409 947 significabat;
426 926 511 942 neutrum
528 924 576 942 enim
594 923 726 948 proferebatur.
743 922 825 941 Damiani

158 952 289 971 descendentes
301 950 404 969 huiusmodi
417 950 507 969 clausulae
520 951 620 970 adiectione
631 954 714 975 gravatos
722 956 761 969 sese
770 950 826 968 fuisse

158 980 205 1001 rati,
219 979 241 997 ad
254 984 342 1003 expensas
355 978 480 1000 declinandas,
489 981 508 997 et
518 978 624 1003 obsequium
637 984 730 997 sacrorum
743 978 825 996 Antistiti

157 1006 288 1027 deserendum.
301 1006 381 1030 seposito
395 1006 429 1025 fori
447 1007 534 1031 strepitu,
548 1007 569 1025 ad
583 1007 601 1025 S>
615 1006 636 1025 C.
651 1007 685 1031 Ep.
699 1009 719 1025 et
731 1006 770 1025 ΕΒ.
784 1012 826 1025 suas

159 1039 223 1058 preces
235 1033 340 1052 obtulerunt
353 1033 374 1052 ad
387 1033 432 1055 hoc,
446 1037 467 1052 ut
479 1034 595 1052 oeconomice
607 1034 661 1053 Sacer
672 1033 721 1052 Ordo
729 1034 751 1052 de
763 1033 827 1052 validi-

160 1064 199 1080 tate
214 1061 338 1085 emphyteusis
347 1065 430 1080 constare
438 1061 544 1080 declararet.
553 1061 573 1080 8,
583 1061 604 1079 C.
613 1067 646 1085 pro
657 1067 707 1080 more
716 1061 826 1085 Episcopum

160 1089 248 1107 finitimae
261 1088 352 1107 Dioecesis
365 1088 385 1106 B.
395 1088 417 1106 dc
430 1094 462 1107 sua
475 1090 564 1108 sententia
578 1090 656 1113 rogavit,
670 1090 723 1114 eique
736 1090 826 1111 iniunxit,

160 1119 182 1135 ut
193 1119 263 1140 partem
277 1119 373 1140 utramque
387 1117 461 1140 (nempe
470 1116 580 1141 Episcopum
593 1117 680 1139 civitatis.
690 1123 724 1136 eeu
732 1118 827 1136 dominum

160 1143 262 1166 directum,
275 1147 294 1163 et
310 1143 391 1162 Darninni
404 1144 545 1165 descendentes,
559 1148 623 1169 utpote
639 1145 777 1169 emphyteutas,
794 1151 829 1164 eeu
