915 1321
155 100 176 118 ¹6
306 107 392 119 Νυιιιτιτ.
401 107 493 118 nummosi!
503 107 523 118 ex
533 107 589 119 cartre
598 107 666 119 nstrus-

152 133 193 152 dem
207 136 266 157 Agnes
285 133 378 152 nonnullis
394 133 469 155 diebus,
487 133 544 152 donec
557 137 617 152 mater
629 137 721 158 praetexu·
738 133 824 152 melioris

152 161 279 183 habitationis,
289 161 331 180 fleto
344 162 416 184 animo,
427 161 474 180 filiae
488 162 544 180 suasit
557 168 576 180 se
589 162 697 180 conduxisse
708 161 824 180 commodio-

153 194 191 207 rem
204 189 278 207 domum
293 189 356 207 eadem
370 189 387 207 in
402 193 458 210 terro,
469 189 490 207 ad
502 195 557 213 quarn
570 193 628 208 semet
641 193 722 213 paratam
735 189 823 208 exhibuit

152 216 230 235 ducendi
238 216 332 240 Agnetem.
348 216 418 241 Reapse
427 216 470 235 Gaia
484 220 542 235 mater
555 216 608 235 simul
620 223 662 235 eum
674 217 766 240 praedicta
776 217 823 235 edu-

152 244 219 263 catrice
227 244 319 263 duxerunt
328 245 416 269 Agnetem
426 245 443 263 in
451 245 542 269 quandam
549 245 666 263 remotiorem
675 244 757 266 domum,
764 250 822 269 quam

153 272 254 296 ingressae,
264 272 315 296 prius
327 272 379 294 Cuia,
389 272 453 291 deinde
467 272 571 293 educatrix,
584 272 653 296 aliquas
666 278 729 290 causas
742 271 822 290 abeundi

153 303 293 324 praetexentes,
308 300 444 322 discesserunt,
460 300 499 318 sola
516 300 540 318 ibi
558 300 621 318 relicta
639 300 694 318 veluti
712 300 730 318 in
748 300 823 324 propria

152 328 207 347 domo
220 328 296 353 Agnete.

190 356 236 375 Cum
245 356 269 374 ita
279 362 308 375 res
316 362 335 374 se
344 356 428 377 haberet,
438 362 460 374 ex
470 356 568 380 improviso
578 356 645 380 prodiit
654 356 778 380 Sempronius,
788 356 822 380 qui

153 384 283 403 exten-refactae
297 387 340 402 tunc
354 384 429 408 Agneti,
443 384 529 408 patefecit
542 390 582 402 eam
595 384 614 402 in
627 390 659 402 sua
672 384 726 402 domo
739 387 757 402 et
770 387 823 408 pote-

152 415 199 431 state
213 412 294 436 reperiri.
304 412 371 430 Coacta
384 412 418 430 fuit
432 412 492 436 Agnes
505 412 522 430 in
534 418 554 430 ea
567 415 637 430 remota
650 411 752 435 Sempronii
766 411 823 430 domo

153 447 226 460 manere
235 447 267 465 per
275 444 346 465 partem
359 441 394 459 diei
407 444 425 459 et
439 441 527 464 integram
541 444 647 465 sequentem
656 444 739 462 noctem,
749 441 767 458 in
776 446 822 465 qua,

153 472 174 487 ut
183 468 221 492 ipsa
230 468 323 492 deposuit,
332 472 351 487 et
360 468 444 487 clamavit
453 471 472 487 et
481 468 542 492 fugam
556 469 633 487 tentavit
646 468 743 487 inutiliter.

191 496 277 520 Sequenti
287 496 327 517 die,
342 496 393 514 tarda
405 496 448 515 lieet
460 497 515 517 hom,
530 496 583 514 rediit
596 496 703 517 educatrix,
717 496 747 514 cui
761 496 823 520 Agnes

154 527 257 548 promptam
270 523 394 542 manifestavit
406 524 529 545 voluntatem,
544 523 606 542 eadem
619 524 657 548 ipsa
671 524 700 542 die
726 527 821 548 paternam

154 552 228 570 domum
242 551 335 570 redeundi.
349 552 373 570 At
386 555 444 570 mater
458 552 513 576 (quae
526 558 547 570 ex
562 552 645 570 condicto
657 557 700 570 cum
713 552 822 576 Sempronio

153 585 217 603 ogere,
229 579 273 597 satis
281 579 389 604 apparebat)
400 583 497 604 antequam
510 580 547 598 filia
559 579 666 601 discederet,
676 585 711 597 una
721 585 762 598 cum
774 579 823 598 Edu-

153 607 221 625 catriae
237 607 334 625 exterritae
351 607 410 625 adhuc
426 607 495 631 puellae
510 610 619 628 suaserunt,
635 613 658 625 ne
673 607 746 625 domum
761 607 822 625 Pau-is

153 637 255 659 repeteret,
265 638 285 653 ut
298 638 391 659 paternam
401 635 445 653 iram
452 648 457 656 ,
468 638 542 659 propter
554 641 575 653 ea
584 640 630 659 quae
643 634 756 656 acciderant,
766 634 823 653 decli-

154 662 255 684 nare13eed
265 663 326 686 potius
338 663 360 681 ud
373 663 445 686 aliquod
459 663 551 687 publicum
565 663 683 681 diversorium
693 663 711 681 in
722 662 784 681 eadem
795 662 823 681 ci-

153 690 210 708 vitate
219 690 241 708 A.
250 696 269 708 se
278 690 378 712 conferret,
388 693 409 708 ut
420 690 445 708 ibi
456 690 576 714 opportunius
584 690 716 709 deliberaretur
724 690 767 714 quid
779 693 822 714 post

154 718 198 737 haee
210 722 258 737 esset
271 718 366 742 agendum.

190 746 286 765 Praeteriri
303 746 344 765 heic
360 746 433 765 silentio
446 752 481 765 non
494 747 561 768 debet,
578 747 626 771 quod
644 747 761 771 Sempronius
778 750 821 765 ante

154 775 209 796 haec,
223 775 257 793 sihi
270 778 389 799 proposuerat
402 775 490 799 Agneteni
503 776 592 794 abducere
605 776 623 794 in
636 776 690 794 aliam
702 776 820 800 longinquam

154 803 257 824 ravim-em,
267 806 287 821 ut
300 809 341 821 cum
352 809 372 821 ea
385 803 521 822 matrimonium
533 803 606 822 liberius
619 803 744 822 contraheret:
754 806 773 821 at
785 803 820 822 hoe

167 831 267 855 ropositum
280 830 365 849 effectum
378 836 431 849 suum
442 831 527 849 sortitum
539 837 575 849 non
584 831 653 852 fuerat,
663 837 685 849 ex
694 837 716 849 eo
725 831 773 855 quod
782 831 822 855 ipse

155 864 221 877 nomen
230 864 283 877 suum
294 861 313 877 et
326 858 396 883 puellae
409 858 524 877 abducendae
537 859 588 877 navis
601 859 716 883 gubernatori
727 865 758 877 eos
767 858 821 877 traie-

154 889 206 904 cturo
220 886 262 904 dare
276 886 363 904 noluerat,

191 913 254 937 ltaque
271 913 385 937 importunae
402 914 482 932 suasioni
498 914 560 933 Matris
581 917 600 933 et
619 914 742 935 educatricis,
760 914 821 938 Agnes

154 941 226 966 paruit,
239 944 258 960 et
271 941 334 960 eudem
347 942 376 960 die
389 942 450 966 Agnes
462 945 481 961 et
494 942 600 963 educatrix,
614 942 653 960 viae
670 942 733 960 ferreis
749 941 820 959 assibus

154 972 221 988 stratae
230 975 269 988 sese
278 969 408 988 commiserunt
417 973 437 988 ut
446 970 525 989 redirent
534 970 552 988 in
560 975 610 988 suam
621 969 714 988 civitatem
723 969 745 987 A.
752 969 819 988 Verum

154 1002 196 1015 cum
209 997 232 1015 ad
244 996 345 1016 Stationem
361 997 452 1021 quandam
469 997 591 1019 devenerunt,
605 1003 627 1016 en
643 1000 736 1021 comparet
753 997 819 1015 iterum

154 1024 283 1049 Sempronius,
296 1025 328 1048 qui
345 1025 429 1043 eumdem
442 1031 515 1043 currum
529 1025 629 1049 ingreditur
641 1025 672 1043 ubi
687 1025 746 1048 Agnes
761 1024 821 1043 consi-

154 1052 222 1073 debat,
236 1058 282 1076 quae
295 1055 346 1070 tanto
359 1052 432 1071 horrore
445 1053 547 1076 praesentia
563 1052 664 1077 Sempronii
678 1052 761 1076 perculsa
778 1055 819 1072 est,

155 1083 251 1104 tantosque
260 1080 347 1099 clamores
360 1080 435 1101 extulit,
444 1084 465 1098 ut
474 1086 560 1098 curruum
569 1080 680 1104 gubernator
693 1080 818 1101 intervenerit,

155 1107 277 1132 indixeritque
289 1108 405 1132 Sempronio,
416 1111 436 1126 ut
445 1108 467 1126 ah
476 1114 498 1126 eo
507 1114 561 1126 curru
570 1108 668 1127 recederet.
682 1107 734 1130 Quod
746 1107 820 1131 quidem

155 1135 219 1154 deinde
231 1136 321 1160 praestitit
330 1135 458 1160 Sempronius,
468 1135 555 1154 suadente
563 1135 621 1154 altero
630 1135 669 1154 viro
678 1135 707 1157 C.,
716 1135 746 1160 qui
757 1135 821 1154 eodem

155 1163 173 1181 in
186 1169 240 1182 curru
254 1163 365 1182 considebat.
